@book{silvaData,
   AUTHOR = {D. S. SIlva and J. Skilling},
   TITLE = {Data Analysis: A Bayesian Tutorial},
   PUBLISHER = {Oxford University Press},
   YEAR = {2012},
   EDITION = {2nd}
}

@book{smithUQ,
   AUTHOR = {Ralph C. Smith},
   TITLE = {Uncertainty Quantification: Theory, Implementation, and Application},
   PUBLISHER = {Society for Industrial and Applied Mathematics},
   YEAR = {2014},
   EDITION = {1st},
   SERIES = {Computational Science \& Engineering}
}

@book{kuoATMC,
   AUTHOR = {Kenneth Kuan-yun Kuo, Ragini Acharya},
   TITLE = {Application of Turbulent and Multiphase Combustion},
   PUBLISHER = {Wiley},
   YEAR = {2012}
}

@book{kuoFSPC,
   AUTHOR = {Kenneth K. Kuo},
   TITLE = {Fundamentals of Solid-Propellant Combustion},
   PUBLISHER = {American Institute of Aeronautics and Astronautics},
   YEAR = {1984},
   SERIES = {Progress in Astronautics and Aeronautics}
}

@book{brillSPCC,
   AUTHOR = {Thomas B. Brill, Wu-Zhen Ren, Vigor Yang},
   TITLE = {Solid Propellant Chemistry, Combustion, and Motor Interior Ballistics},
   PUBLISHER = {American Institute of Aeronautics and Astronautics},
   YEAR = {2000},
   SERIES = {Progress in Astronautics and Aeronautics}
}

@article{eisenreichBRMGP,
   AUTHOR = {Norbert Eisenreich, Thomas S. Fischer, Gesa Langer, Stefan Kelzenberg, and Volker Weiser},
   TITLE = {Burn Rate Models for Gun Propellants},
   JOURNAL = {Propellants, Explosives and Pyrotechnics},
   YEAR = {2002},
   VOLUME = {27},
   PAGES = {142 - 149}
}

@article{whitmoreHRRhybrid,
   AUTHOR = {Stephen A. Whitmore, Sean D. Walker, Daniel P. Merkley, and Mansour Sobbi},
   TITLE = {High Regression Rate Hybrid Rocket Fuel Grains with Helical Port Structures},
   JOURNAL = {Journal of Propulsion and Power},
   YEAR = {2015},
   VOLUME = {31},
   NUMBER = {6},
   PAGES = {1727 - 1738}
}

@article{zarkoReview,
   AUTHOR = {Vladimir E. Zarko and Kenneth K. Kuo},
   TITLE = {Critical Review of Methods for Regression Rate Measurements of Condensed Phase Systems},
   JOURNAL = {International Journal of Energetic Materials and Chemical Propulsion},
   YEAR = {1994},
   VOLUME = {3},
   PAGES = {600 - 623}
}

@conference{sporesGPIM,
   AUTHOR = {Ronald A. Spores, Robert Masse, Scott Kimbrel, \& Chris McLean},
   TITLE = {GPIM AF-M315E Propulsion System},
   BOOKTITLE = {49th AIAA/ASME/SAE/ASEE Joint Propulsion Conference},
   YEAR = {2013},
   ADDRESS = {San Jose, CA},
   ORGANISATION = {AIAA 2013-3949}
}

@inproceedings{prudencio2012,
   AUTHOR = {Prudencio, Ernesto E and Schulz, Karl W},
   BOOKTITLE = {Euro-Par 2011: Parallel Processing Workshops},
   PAGES = {398--407},
   PUBLISHER = {Springer},
   TITLE = {{The parallel C++ statistical library 'QUESO': Quantification of Uncertainty for Estimation, Simulation and Optimization}},
   url = {http://dx.doi.org/10.1007/978-3-642-29737-3\_44},
   YEAR = {2012}
}
